@online{MSS,
    author = {Metereological Services Singapore},
    title = {Past Climate Trends},
    year = 2017,
    url = {http://www.weather.gov.sg/climate-past-climate-trends/},
    urldate = {2018-10-26}
}
@online{electricity,
    author = {Energy Market Authority},
    title = {Electricity Tariffs},
    year = 2018,
    url = {https://www.ema.gov.sg/Residential_Electricity_Tariffs.aspx},
    urldate = {2018-10-26}
}
@online{howtoclean,
    title = {How to Clean a Ceiling Fan},
    url = {https://www.wikihow.com/Clean-a-Ceiling-Fan},
    urldate = {2018-10-27}
}
@article{dustmites,
    title={Dangers of dust mites: 6 things to know about these tiny bugs lurking in your home},
    url={https://www.straitstimes.com/singapore/health/dangers-of-dust-mites-6-things-to-know-about-these-tiny-bugs-lurking-in-your-home},
    urldate = {2018-10-27},
    journal={The Straits Times},
%    publisher={The Straits Times},
    author={Weers, Nicole},
    year={2016},
    month=5,
    day=17
}
