@article{turing,
	author = {Turing, A. M.},
	title = {On Computable Numbers, with an Application to the Entscheidungsproblem},
	journal = {Proceedings of the London Mathematical Society},
	volume = {s2-42},
	number = {1},
	pages = {230-265},
	year = 1937,
	%doi = {10.1112/plms/s2-42.1.230},
	%url = {https://londmathsoc.onlinelibrary.wiley.com/doi/abs/10.1112/plms/s2-42.1.230},
	eprint = {https://londmathsoc.onlinelibrary.wiley.com/doi/pdf/10.1112/plms/s2-42.1.230}
}
@book {vonNeumannQM,
    AUTHOR = {von Neumann, John},
     TITLE = {Mathematical foundations of quantum mechanics},
      NOTE = {Translated by Robert T. Beyer},
 PUBLISHER = {Princeton University Press, Princeton},
      YEAR = {1955},
     PAGES = {xii+445},
   MRCLASS = {81.0X},
  MRNUMBER = {0066944},
}
@book{vonNeumannGame,
	author = {von Neumann, John},
	title = {Theory of Games and Economic Behaviour},
	PUBLISHER = {Princeton University Press, Princeton},
	year = 1944,
	pages = {xviii + 615},
	isbn = {978-0691130613}
}
@article{banachtarski,
	title={Sur la décomposition des ensembles de points en parties respectivement congruentes},
	volume={6},
	%DOI={10.4064/fm-6-1-244-277},
	journal={Fundamenta Mathematicae},
	author={Banach, Stefan and Tarski, Alfred},
	year={1924},
	pages={244–277}
}
@article{lewis1970,
	title={How to Define Theoretical Terms},
	volume={67},
%	DOI={10.2307/2023861},
	number={13},
	journal={The Journal of Philosophy},
	author={Lewis, David},
	year={1970},
	month={9},
	pages={427}
}
@article{henkin, title={The completeness of the first-order functional calculus}, volume={14}, number={03}, journal={The Journal of Symbolic Logic}, author={Henkin, Leon}, year={1949}, pages={159–166}}
